@online{ds_movies,
    author    = {Kashif Sahil},
    title     = {16000+ Movies 1910-2024 (Metacritic)},
    year      = 2024,
    url       = {https://www.kaggle.com/datasets/kashifsahil/16000-movies-1910-2024-metacritic},
    note      = {Accessed: 2024-09-18},
}

@online{content-based-filtering,
    author    = {Turing},
    title     = {A Guide to Content-Based Filtering In Recommender Systems},
    year      = 2024,
    url       = {https://www.turing.com/kb/content-based-filtering-in-recommender-systems},
    note      = {Accessed: 2024-09-18},
}